<?xml version="1.0" encoding="UTF-8"?><collection xmlns="http://www.loc.gov/MARC21/slim"><record><leader>00358nam--2200133-i-4500</leader><controlfield tag="001">000022842</controlfield><controlfield tag="002">20161230</controlfield><controlfield tag="005">20161230201034</controlfield><controlfield tag="008">060222s1000------------r-----000-0-eng-d</controlfield><datafield ind1=" " ind2=" " tag="080"><subfield code="a">621.3.04:621.314</subfield></datafield><datafield ind1=" " ind2=" " tag="100"><subfield code="a">Grossner, Nathan R</subfield></datafield><datafield ind1=" " ind2=" " tag="245"><subfield code="a">Transformes for electronic circuits</subfield></datafield><datafield ind1=" " ind2=" " tag="260"><subfield code="a">New York, Mcgraw-hill Book Co., 1967. Xiii + 321 P</subfield></datafield><datafield ind1=" " ind2=" " tag="852"><subfield code="a">31281</subfield></datafield></record></collection>